@article{Anufriev2014,
    author = {Ануфриев},
    title = {Signal Processing Methods for Inductive Sensors of Linear and Angular Displacements},
    journal = {Modern Electronics},
    year = {2014},
    number = {4},
    pages = {30--34},
    note = {(In Russian)},  % Опционально: указать язык оригинала
    url = {http://www.socle.ru/ru/journal/2014/4}  % Если доступна онлайн-версия
}